<?xml version="1.0" encoding="UTF-8"?><record xmlns="http://www.loc.gov/MARC21/slim" xmlns:cinclude="http://apache.org/cocoon/include/1.0" xmlns:zs="http://www.loc.gov/zing/srw/">
  <leader>00486cz  a2200133n  4500</leader>
  <controlfield tag="001">n  87133027 </controlfield>
  <controlfield tag="003">DLC</controlfield>
  <controlfield tag="005">19940330135029.8</controlfield>
  <controlfield tag="008">871005n| acannaab|          |n aaa |||  </controlfield>
  <datafield tag="010" ind1=" " ind2=" ">
    <subfield code="a">n  87133027 </subfield>
  </datafield>
  <datafield tag="040" ind1=" " ind2=" ">
    <subfield code="a">DLC</subfield>
    <subfield code="c">DLC</subfield>
    <subfield code="d">DLC</subfield>
  </datafield>
  <datafield tag="100" ind1="1" ind2="0">
    <subfield code="a">Gläser, Manfred,</subfield>
    <subfield code="d">1949-</subfield>
  </datafield>
  <datafield tag="670" ind1=" " ind2=" ">
    <subfield code="a">nuc87-101911: His Die Slawen in Ostholstein, 1983</subfield>
    <subfield code="b">(hdg. on CSt rept.: Gläser, Manfred, 1949- ; usage: Manfred Gläser)</subfield>
  </datafield>
  <datafield tag="670" ind1=" " ind2=" ">
    <subfield code="a">Das Burgkloster zu Lübeck, c1992:</subfield>
    <subfield code="b">t.p. (Manfred Gläser) p. 7 (Dr., Rostock)</subfield>
  </datafield>
</record>